@Book{WilliamFeller1968,
  author    = {William Feller},
  publisher = {Wiley},
  title     = {An Introduction to Probability Theory and Its Applications, Vol. 1, 3rd Edition},
  year      = {1968},
  isbn      = {0471257087,9780471257080},
  month     = {December},
  edition   = {3rd},
  pagetotal = {509}
}

@Book{WilliamFeller1971,
  author    = {William Feller},
  publisher = {John Wiley & Sons, Inc.},
  title     = {An Introduction to Probability Theory and Its Applications, Vol. 2, 2nd Edition},
  year      = {1971},
  isbn      = {0471257095,9780471257097},
  month     = {January},
  edition   = {2nd},  
  pagetotal = {669}
}

@Book{Zolotarev1986,
  author    = {V. M. {Zolotarev}},
  publisher = {American Mathematical Society (AMS), Providence, RI},
  title     = {One-dimensional stable distributions. Transl. from the Russian by H. H. McFaden, ed. by Ben Silver},
  year      = {1986},
  volume    = {65},
  issn      = {0065-9282},
  journal   = {Translations of Mathematical Monographs},
  keywords  = {60E07 60-02 60E10},
  language  = {English},
  zbl       = {0589.60015},
}

@Comment{jabref-meta: databaseType:bibtex;}
